34100000      081207179434000140          001000042 00772 000000069637 3BF SERVICOS DE COBRANCA LTDA  BANCO ITAU S/A                          20107201908413700000908106250                                                                     
34100011C2031081 207179434000140                    00772 000000069637 3BF SERVICOS DE COBRANCA LTDA                                          AV ANDROMEDA                  02000               BARUERI             06473000SP                  
3410001300001J00023793794100001029410296090001270557500010810ARIZONA 701                   050720190000000001029410000000000000000000000000000000507201900000000010294100000000000000012345678901234567890          000578208432000025BD        
34100015         000003000000000000102941000000000000000000                                                                                                                                                                                     
34199999         000001000005000000                                                                                                                                                                                                             
